<?xml version="1.0" encoding="UTF-8"?><collection xmlns="http://www.loc.gov/MARC21/slim"><record><leader>00426nam--2200157-i-4500</leader><controlfield tag="001">000010701</controlfield><controlfield tag="002">20161230</controlfield><controlfield tag="005">20170121220152</controlfield><controlfield tag="008">060222s1000------------r-----000-0-eng-d</controlfield><datafield ind1=" " ind2=" " tag="100"><subfield code="a">Boenke, W</subfield></datafield><datafield ind1=" " ind2=" " tag="245"><subfield code="a">Advida. Ein datenbanksystem auf einer anlage mit virtuellen speicher</subfield></datafield><datafield ind1=" " ind2=" " tag="260"><subfield code="a">Julich</subfield><subfield code="b">Kernforschungsanlage</subfield><subfield code="c">1972</subfield></datafield><datafield ind1=" " ind2=" " tag="300"><subfield code="a">10 p.+ Tabele</subfield></datafield><datafield ind1=" " ind2=" " tag="700"><subfield code="a">Meis, Th</subfield></datafield><datafield ind1=" " ind2=" " tag="852"><subfield code="a">18670</subfield></datafield><datafield ind1=" " ind2=" " tag="CAT"><subfield code="a">SYS</subfield><subfield code="c">20170121</subfield><subfield code="h">220152</subfield></datafield></record></collection>